
@book{textbook,
author = {Thomas A. Sudkamp},
title = {Languages and Machines: An Introduction to the Theory of Computer Science},
year = {2006},
edition = {3rd},
publisher = {Pearson Addison-Wesley},
}

@book{arorabarak,
  author         = {Sanjeev Arora and Boaz Barak},
  publisher      = {Cambridge University Press},
  title          = {Computational Complexity: A Modern Approach},
  year           = {2009}
}


